<?xml version="1.0" encoding="UTF-8"?>
<collection xmlns="http://www.loc.gov/MARC21/slim" xmlns:xsi="http://www.w3.org/2001/XMLSchema-instance" xmlns:marc="http://www.loc.gov/MARC21/slim" xsi:schemaLocation="http://www.loc.gov/MARC21/slim http://www.loc.gov/standards/marcxml/schema/MARC21slim.xsd">
   <record>
      <marc:leader>00836cas a22002651  4500</marc:leader>
      <marc:controlfield tag="001">4608240</marc:controlfield>
      <marc:controlfield tag="005">20140602101908.0</marc:controlfield>
      <marc:controlfield tag="008">791211d19151916fr  x p a     0   a0fre d</marc:controlfield>
      <marc:datafield tag="035" ind1=" " ind2=" ">
         <marc:subfield code="a">(OCoLC)5781477</marc:subfield>
      </marc:datafield>
      <marc:datafield tag="035" ind1=" " ind2=" ">
         <marc:subfield code="a">(PU)1079753</marc:subfield>
      </marc:datafield>
      <marc:datafield tag="035" ind1=" " ind2=" ">
         <marc:subfield code="a">(CStRLIN)PAUGV1079753-S</marc:subfield>
      </marc:datafield>
      <marc:datafield tag="040" ind1=" " ind2=" ">
         <marc:subfield code="a">TxU</marc:subfield>
         <marc:subfield code="c">TxU</marc:subfield>
         <marc:subfield code="d">MH</marc:subfield>
         <marc:subfield code="d">CStRLIN</marc:subfield>
         <marc:subfield code="d">NjP</marc:subfield>
      </marc:datafield>
      <marc:datafield tag="050" ind1=" " ind2="4">
         <marc:subfield code="a">N2</marc:subfield>
         <marc:subfield code="b">.E4</marc:subfield>
      </marc:datafield>
      <marc:datafield tag="130" ind1="0" ind2=" ">
         <marc:subfield code="a">Elan (Paris, France)</marc:subfield>
      </marc:datafield>
      <marc:datafield tag="245" ind1="0" ind2="2">
         <marc:subfield code="a">L'élan.</marc:subfield>
      </marc:datafield>
      <marc:datafield tag="260" ind1=" " ind2=" ">
         <marc:subfield code="a">Paris :</marc:subfield>
         <marc:subfield code="b">L'élan,</marc:subfield>
         <marc:subfield code="c">1915-1916.</marc:subfield>
      </marc:datafield>
      <marc:datafield tag="300" ind1=" " ind2=" ">
         <marc:subfield code="a">10 v. :</marc:subfield>
         <marc:subfield code="b">ill. ;</marc:subfield>
         <marc:subfield code="c">32 cm.</marc:subfield>
      </marc:datafield>
      <marc:datafield tag="362" ind1="0" ind2=" ">
         <marc:subfield code="a">No 1 (15 avril 1915)-no 10 (1 déc. 1916)</marc:subfield>
      </marc:datafield>
      <marc:datafield tag="500" ind1=" " ind2=" ">
         <marc:subfield code="a">Edited by Amédée Ozenfant.</marc:subfield>
      </marc:datafield>
      <marc:datafield tag="500" ind1=" " ind2=" ">
         <marc:subfield code="a">No 10 is folded in 4 to measure 32 cm.</marc:subfield>
      </marc:datafield>
      <datafield tag="599" ind1=" " ind2=" ">
         <subfield code="a">ark:/88435/q237hv606</subfield>
         <subfield code="b">bmtnaaf_1915-12-15_01</subfield>
         <subfield code="v">no.7 1915-12-15</subfield>
      </datafield>
      <marc:datafield tag="650" ind1=" " ind2="0">
         <marc:subfield code="a">Art</marc:subfield>
         <marc:subfield code="v">Periodicals.</marc:subfield>
      </marc:datafield>
      <marc:datafield tag="700" ind1="1" ind2=" ">
         <marc:subfield code="a">Ozenfant, Amédée,</marc:subfield>
         <marc:subfield code="d">1886-1966.</marc:subfield>
      </marc:datafield>
      <marc:datafield tag="856" ind1="4" ind2="1">
         <marc:subfield code="u">http://arks.princeton.edu/ark:/88435/rj430592k</marc:subfield>
      </marc:datafield>
      <marc:datafield tag="904" ind1=" " ind2=" ">
         <marc:subfield code="a">slt</marc:subfield>
         <marc:subfield code="b">o</marc:subfield>
         <marc:subfield code="h">m</marc:subfield>
         <marc:subfield code="c">t</marc:subfield>
         <marc:subfield code="e">20051024</marc:subfield>
      </marc:datafield>
      <marc:datafield tag="902" ind1=" " ind2=" ">
         <marc:subfield code="a">pg</marc:subfield>
         <marc:subfield code="b">m</marc:subfield>
         <marc:subfield code="6">a</marc:subfield>
         <marc:subfield code="7">s</marc:subfield>
         <marc:subfield code="d">v</marc:subfield>
         <marc:subfield code="f">10</marc:subfield>
         <marc:subfield code="e">20051108</marc:subfield>
      </marc:datafield>
   </record>
</collection>
